@article{loremIpsumRef,
	title = {Lorem \uppercase{I}psum \uppercase{W}ebsite},
	author = {Some Author},
	note={\\ URL: {\url{ https://www.lipsum.com/ }} \\ URL~accessed:~14.06.2025}
}